<?xml version="1.0" encoding="utf-8"?>
<Document xmlns:xsi="http://www.w3.org/2001/XMLSchema-instance" xsi:schemaLocation="urn:iso:std:iso:20022:tech:xsd:pain.001.001.03 pain.001.001.03.xsd" xmlns="urn:iso:std:iso:20022:tech:xsd:pain.001.001.03">
  <CstmrCdtTrfInitn>
    <GrpHdr>
      <MsgId>Message-ID-612</MsgId>
      <CreDtTm>2024-05-28T10:03:46.8623528+02:00</CreDtTm>
      <NbOfTxs>3</NbOfTxs>
      <CtrlSum>162.33</CtrlSum>
      <InitgPty>
        <Nm>BUßMANNS BARBARA-APOTHEKE</Nm>
      </InitgPty>
    </GrpHdr>
    <PmtInf>
      <PmtInfId>Payment-Information-ID-1969</PmtInfId>
      <PmtMtd>TRF</PmtMtd>
      <BtchBookg>false</BtchBookg>
      <NbOfTxs>3</NbOfTxs>
      <CtrlSum>162.33</CtrlSum>
      <PmtTpInf>
        <SvcLvl>
          <Cd>SEPA</Cd>
        </SvcLvl>
      </PmtTpInf>
      <ReqdExctnDt>2024-05-28</ReqdExctnDt>
      <Dbtr>
        <Nm>BUßMANNS BARBARA-APOTHEKE</Nm>
      </Dbtr>
      <DbtrAcct>
        <Id>
          <IBAN>DE37400501500002002152</IBAN>
        </Id>
      </DbtrAcct>
      <DbtrAgt>
        <FinInstnId>
          <BIC>WELADED1MST</BIC>
        </FinInstnId>
      </DbtrAgt>
      <ChrgBr>SLEV</ChrgBr>
      <CdtTrfTxInf>
        <PmtId>
          <EndToEndId>OriginatorID5850</EndToEndId>
        </PmtId>
        <Amt>
          <InstdAmt Ccy="EUR">2.69</InstdAmt>
        </Amt>
        <CdtrAgt>
          <FinInstnId>
            <BIC>COBADEFF770</BIC>
          </FinInstnId>
        </CdtrAgt>
        <Cdtr>
          <Nm>BELSANA MEDIZINISCHE ERZEUGNIS</Nm>
        </Cdtr>
        <CdtrAcct>
          <Id>
            <IBAN>DE45770400800001205566</IBAN>
          </Id>
        </CdtrAcct>
        <RmtInf>
          <Ustrd>R-Nr: 102R23539478 Kdnr 2592291 OHNE ABZGL.  -64,46</Ustrd>
        </RmtInf>
      </CdtTrfTxInf>
      <CdtTrfTxInf>
        <PmtId>
          <EndToEndId>OriginatorID5851</EndToEndId>
        </PmtId>
        <Amt>
          <InstdAmt Ccy="EUR">100.63</InstdAmt>
        </Amt>
        <CdtrAgt>
          <FinInstnId>
            <BIC>COBADEFF770</BIC>
          </FinInstnId>
        </CdtrAgt>
        <Cdtr>
          <Nm>BELSANA MEDIZINISCHE ERZEUGNIS</Nm>
        </Cdtr>
        <CdtrAcct>
          <Id>
            <IBAN>DE45770400800001205566</IBAN>
          </Id>
        </CdtrAcct>
        <RmtInf>
          <Ustrd>R-Nr: 102R23641253 Kdnr 2592291 KOMPRESSIONSSTRUEMPFE</Ustrd>
        </RmtInf>
      </CdtTrfTxInf>
      <CdtTrfTxInf>
        <PmtId>
          <EndToEndId>OriginatorID5852</EndToEndId>
        </PmtId>
        <Amt>
          <InstdAmt Ccy="EUR">59.01</InstdAmt>
        </Amt>
        <CdtrAgt>
          <FinInstnId>
            <BIC>COBADEFF770</BIC>
          </FinInstnId>
        </CdtrAgt>
        <Cdtr>
          <Nm>BELSANA MEDIZINISCHE ERZEUGNIS</Nm>
        </Cdtr>
        <CdtrAcct>
          <Id>
            <IBAN>DE45770400800001205566</IBAN>
          </Id>
        </CdtrAcct>
        <RmtInf>
          <Ustrd>R-Nr: 102R23643065 Kdnr 2592291 KOMPRESSIONSSTRUEMPFE</Ustrd>
        </RmtInf>
      </CdtTrfTxInf>
    </PmtInf>
  </CstmrCdtTrfInitn>
</Document>